@article{jakob1993usability,
  title={Usability engineering},
  author={Jakob, Nielsen},
  journal={Fremont, California: Morgan},
  year={1993}
}
@book{dont-let-me-think,
title={Nie każ mi myśleć},
author={Steve Krug},
edition={drugie},
isbn={9788324627721},
url={http://helion.pl/ksiazki/nie-kaz-mi-myslec-o-zyciowym-podejsciu-do-funkcjonalnosci-stron-internetowych-wydanie-iii-steve-krug,nieka3.htm},
year={2010},
publisher={Helion}
}
@misc{html5-perf,
	author = {Malte Ubl},
	title = {Improving the Performance of your HTML5 App},
	howpublished = {"\url{http://www.html5rocks.com/en/tutorials/speed/html5/}"},
	year = {2011},
	note = "[Dostęp 2016-02-03]"
}
